@misc{NEU,
    author = "National Education Union",
    title = "Acoustics in Schools",
    howpublished = "\url{https://neu.org.uk/advice/acoustics-schools}"
}

@MISC{MLSD20,
	AUTHOR = "Joshua W.R. Meggit",
	TITLE = "Microphone \& Loudspeaker Design - Course Notes",
	PUBLISHER = "University of Salford",
	YEAR = 2020
}

@misc{UCSC,
    author = "University of California Santa Cruz",
    title = "Acoustic Treatment for Home Studios",
    howpublished = "\url{http://artsites.ucsc.edu/EMS/music/tech_background/TE-14/teces_14.html}"
}

